@string{cse		= "Computing in Science \& Engineering"}
@string{sc2005		= "Proceedings of Supercomputing 2005 (SC05)"}
@string{secse2009	= "Second International Workshop on Software Engineering for Computational Science and Engineering (SECSE09)"}

@article{dubois2005,
	author = {P. F. Dubois},
	title = "{Maintaining Correctness in Scientific Programs}",
	journal = cse,
	volume = {7},
	number = {3},
	pages = {80-85},
	year = {2005},
	month = {May-June},
	doi = {10.1109/MCSE.2005.54}
}

@incollection{guzdial2010,
	author = {Mark Guzdial},
	title = {Why Is It So Hard to Learn to Program?},
	booktitle = {Making Software: What Really Works, and Why We Believe It},
	editor = {Andy Oram and Greg Wilson},
	pages = {111-124},
	year = {2010},
	publisher = {O'Reilly Media},
	isbn = {978-0-596-80832-7}
}

@inproceedings{hannay2009,
	author = {Jo Erskine Hannay and Hans Petter Langtangen and Carolyn MacLeod and Dietmar Pfahl and Janice Singer and Greg Wilson},
	title = "{How Do Scientists Develop and Use Scientific Software?}",
	booktitle = secse2009,
	year = {2009},
	doi = {10.1109/SECSE.2009.5069155}
}

@book{hazzan2011,
	author = {Orit Hazzan and Tami Lapidot and Noa Ragonis},
	title = {Guide to Teaching Computer Science: An Activity-Based Approach},
	publisher = {Springer},
	year = {2011},
	isbn = {978-0857294425}
}

@inproceedings{hochstein2005,
	author = {L. Hochstein and J. Carver and F. Shull and S. Asgari and V. R. Basili and J. Hollingsworth and M. Zelkowitz},
	title = "{Parallel Programmer Productivity: A Case Study of Novice {HPC} Programmers}",
	booktitle = sc2005,
	year = {2005},
	doi = {10.1109/SC.2005.53}
}

@inproceedings{prabhu2011,
	author = {Prakash Prabhu and Thomas B. Jablin and Arun Raman and Yun Zhang and Jialu Huang and Hanjun Kim and Nick P. Johnson and Feng Liu and Soumyadeep Ghosh and Stephen Beard and Taewook Oh and Matthew Zoufaly and David Walker and David I. August},
	title = "{A Survey of the Practice of Computational Science}",
	booktitle = {Proceedings of the 24th ACM/IEEE Conference on High Performance Computing, Networking, Storage and Analysis},
	year = {2011},
	doi = {10.1145/2063348.2063374},
}

@article{ram2013,
	author = {Karthik Ram},
	title = "{Git Can Facilitate Greater Reproducibility and Increased Transparency in Science}",
	journal = {Source Code for Biology and Medicine},
	year = {2013},
	volume = {8},
	pages = {7},
	number = {1},
	doi = {10.1186/1751-0473-8-7},
	issn = {1751-0473}
}

@article{segal2005a,
	author = {Judith Segal},
	title = "{When Software Engineers Met Research Scientists: A Case Study}",
	journal = {Empirical Software Engineering},
	volume = {10},
	number = {4},
	pages = {517-536},
	year = {2005},
	doi = {10.1007/s10664-005-3865-y}
}

@phdthesis{sorva2012,
	author = {Juha Sorva},
	title = {Visual Program Simulation in Introductory Programming Education},
	year = {2012},
	isbn = {978-952-60-4625-9}
}

@article{stodden2013,
	author = {Victoria Stodden and Peixuan Guo and Zhaokun Ma},
	title = "{Toward Reproducible Computational Research: An Empirical Analysis of Data and Code Policy Adoption by Journals}",
	journal = {PLoS ONE},
	year = {2013},
	volume = {8},
	pages = {e67111},
	number = {6},
	month = {06},
	doi = {10.1371/journal.pone.0067111}
}

@online{swcsite,
	title = {Software Carpentry web site},
	url = {http://software-carpentry.org}
}

@online{wilson2012,
	author = {Greg Wilson},
	title = {Software Carpentry: Lessons Learned},
	version = {1},
	date = {2013-07-20},
	eprinttype = {arxiv},
	eprint = {1307.5448},
	year = {2012}
}

@article{wilson2013,
	author = {Greg Wilson and D.A. Aruliah and C. Titus Brown and Neil P. Chue Hong and Matt Davis and Richard T. Guy and Steven H.D. Haddock and Kathryn D. Huff and Ian M. Mitchell and Mark D. Plumbley and Ben Waugh and Ethan P. White and Paul Wilson},
	journal = {PLoS Biology},
	publisher = {Public Library of Science},
	title = {Best Practices for Scientific Computing},
	year = {2014},
	month = {January},
	volume = {12},
	url = {http://dx.doi.org/10.1371\%2Fjournal.pbio.1001745},
	pages = {e1001745},
	number = {1},
	doi = {10.1371/journal.pbio.1001745}
}

@inproceedings{huff2011,
        address = {Hollywood, {FL}, United States},
        series = {Training, Human Performance, and Work Force Development},
        title = {Rapid Peer Education of a Computational Nuclear Engineering Skill Suite},
        volume = {104},
        language = {English},
        booktitle = {Transactions of the American Nuclear Society},
        publisher = {American Nuclear Society, La Grange Park, {IL} 60526, United States},
        author = {Huff, Kathryn and Scopatz, {A.M.} and Preston, {N.D.} and Wilson, {P.P.H.}},
        month = jun,
        year = {2011},
        pages = {103---104}
}
